@Book{Trefethen2019,
  author    = {Trefethen, Lloyd N.},
  publisher = {Society for Industrial and Applied Mathematics},
  title     = {Approximation Theory and Approximation Practice, Extended Edition},
  year      = {2019},
  address   = {Philadelphia, PA},
  isbn      = {978-1-61197-593-2},
  note      = {First edition, 2013; Extended edition, 2019.},
  series    = {Other Titles in Applied Mathematics},
  volume    = {164},
  doi       = {10.1137/1.9781611975949},
  file      = {:Trefethen2019-author-draft.pdf:PDF},
  keywords  = {{textbook}, approximation theory, barycentric interpolation, rational function, polynomial, numerical analysis},
  url       = {https://people.maths.ox.ac.uk/trefethen/ATAP/},
}

@InProceedings{Balandat2020,
  author    = {Balandat, Maximilian and Karrer, Brian and Jiang, Daniel and Daulton, Samuel and Letham, Ben and Wilson, Andrew G and Bakshy, Eytan},
  booktitle = {Advances in Neural Information Processing Systems},
  title     = {{BoTorch: A Framework for Efficient Monte-Carlo Bayesian Optimization}},
  year      = {2020},
  pages     = {21524--21538},
  groups    = {Bayesian optimization},
  publisher = {NeurIPS 2020},
  volume    = {33},
  url       = {https://proceedings.neurips.cc/paper_files/paper/2020/file/f5b1b89d98b7286673128a5fb112cb9a-Paper.pdf},
}

@Book{Garnett2023,
  author    = {Garnett, Roman},
  publisher = {Cambridge University Press},
  title     = {Bayesian Optimization},
  year      = {2023},
  address   = {Cambridge},
  database  = {Cambridge Core},
  doi       = {10.1017/9781108348973},
  file      = {:Garnett2023.pdf:PDF},
  groups    = {Books},
  issn      = {9781108425780},
}

@Book{Rasmussen2006,
  author    = {Rasmussen, Carl Edward and Williams, Christopher K I},
  publisher = {The MIT Press},
  title     = {Gaussian processes for machine learning},
  year      = {2006},
  address   = {Massachusetts, USA},
  isbn      = {9780521872508},
  doi       = {10.7551/mitpress/3206.001.0001},
  file      = {:Rasmussen2006.pdf:PDF},
  groups    = {Books},
  url       = {https://doi.org/10.7551/mitpress/3206.001.0001},
}

@Comment{jabref-meta: databaseType:bibtex;}
